@article{schafer2002missing,
  title={Missing data: our view of the state of the art.},
  author={Schafer, Joseph L and Graham, John W},
  journal={Psychological methods},
  volume={7},
  number={2},
  pages={147},
  year={2002},
  publisher={American Psychological Association}
}

@book{little2019statistical,
  title={Statistical analysis with missing data},
  author={Little, Roderick JA and Rubin, Donald B},
  volume={793},
  year={2019},
  publisher={John Wiley \& Sons}
}

@article{seaman2013review,
  title={Review of inverse probability weighting for dealing with missing data},
  author={Seaman, Shaun R and White, Ian R},
  journal={Statistical methods in medical research},
  volume={22},
  number={3},
  pages={278--295},
  year={2013},
  publisher={Sage Publications Sage UK: London, England}
}

@article{dempster1977maximum,
  title={Maximum likelihood from incomplete data via the EM algorithm},
  author={Dempster, Arthur P and Laird, Nan M and Rubin, Donald B},
  journal={Journal of the Royal Statistical Society: Series B (Methodological)},
  volume={39},
  number={1},
  pages={1--22},
  year={1977},
  publisher={Wiley Online Library}
}
